@String(PAMI = {IEEE Trans. Pattern Anal. Mach. Intell.})
@String(IJCV = {Int. J. Comput. Vis.})
@String(CVPR= {IEEE Conf. Comput. Vis. Pattern Recog.})
@String(ICCV= {Int. Conf. Comput. Vis.})
@String(ECCV= {Eur. Conf. Comput. Vis.})
@String(NIPS= {Adv. Neural Inform. Process. Syst.})
@String(ICPR = {Int. Conf. Pattern Recog.})
@String(BMVC= {Brit. Mach. Vis. Conf.})
@String(TOG= {ACM Trans. Graph.})
@String(TIP  = {IEEE Trans. Image Process.})
@String(TVCG  = {IEEE Trans. Vis. Comput. Graph.})
@String(TMM  = {IEEE Trans. Multimedia})
@String(ACMMM= {ACM Int. Conf. Multimedia})
@String(ICME = {Int. Conf. Multimedia and Expo})
@String(ICASSP=	{ICASSP})
@String(ICIP = {IEEE Int. Conf. Image Process.})
@String(ACCV  = {ACCV})
@String(ICLR = {Int. Conf. Learn. Represent.})
@String(IJCAI = {IJCAI})
@String(PR   = {Pattern Recognition})
@String(AAAI = {AAAI})
@String(CVPRW= {IEEE Conf. Comput. Vis. Pattern Recog. Worksh.})
@String(CSVT = {IEEE Trans. Circuit Syst. Video Technol.})

@String(SPL	= {IEEE Sign. Process. Letters})
@String(VR   = {Vis. Res.})
@String(JOV	 = {J. Vis.})
@String(TVC  = {The Vis. Comput.})
@String(JCST  = {J. Comput. Sci. Tech.})
@String(CGF  = {Comput. Graph. Forum})
@String(CVM = {Computational Visual Media})


@String(PAMI  = {IEEE TPAMI})
@String(IJCV  = {IJCV})
@String(CVPR  = {CVPR})
@String(ICCV  = {ICCV})
@String(ECCV  = {ECCV})
@String(NIPS  = {NeurIPS})
@String(ICPR  = {ICPR})
@String(BMVC  =	{BMVC})
@String(TOG   = {ACM TOG})
@String(TIP   = {IEEE TIP})
@String(TVCG  = {IEEE TVCG})
@String(TCSVT = {IEEE TCSVT})
@String(TMM   =	{IEEE TMM})
@String(ACMMM = {ACM MM})
@String(ICME  =	{ICME})
@String(ICASSP=	{ICASSP})
@String(ICIP  = {ICIP})
@String(ACCV  = {ACCV})
@String(ICLR  = {ICLR})
@String(IJCAI = {IJCAI})
@String(PR = {PR})
@String(AAAI = {AAAI})
@String(CVPRW= {CVPRW})
@String(CSVT = {IEEE TCSVT})


@misc{chan2025tutorial,
      title={Tutorial on Diffusion Models for Imaging and Vision}, 
      author={Stanley Chan},
      year={2025},
      eprint={2403.18103},
      archivePrefix={arXiv},
      primaryClass={cs.CL},
      url={https://arxiv.org/pdf/2403.18103}, 
}

@misc{kingma2014vae,
      title={Auto-Encoding Variational Bayes}, 
      author={Diederik P. Kingma, Max Welling},
      year={2022},
      eprint={1312.6114},
      archivePrefix={arXiv},
      primaryClass={stat.ML},
      url={https://arxiv.org/pdf/1312.6114}, 
}

@misc{dosovitskiy2021imageworth16x16words,
      title={An Introduction to Variational Autoencoders},
      author={Diederik P. Kingma, Max Welling},
      journal={Foundations and Trends in Machine Learning},
      year={2019},
      eprint={1906.02691v3},
      archivePrefix={arXiv},
      primaryClass={cs.LG},
      url={https://arxiv.org/pdf/1906.02691v3}, 
}

@article{james1980monte,
  author = {F. James},
  title = {Monte Carlo theory and practice},
  journal = {Reports on Progress in Physics},
  volume = {43},
  number = {9},
  pages = {1145},
  year = {1980},
  doi = {10.1088/0034-4885/43/9/002},
  url = {https://doi.org/10.1088/0034-4885/43/9/002}
}

@article{kroese2014monte,
  author = {Dirk P. Kroese and Tim Brereton and Thomas Taimre and Zdravko I. Botev},
  title = {Why the Monte Carlo method is so important today},
  journal = {WIREs Computational Statistics},
  volume = {6},
  number = {6},
  pages = {386--392},
  year = {2014},
  doi = {10.1002/wics.1314},
  url = {https://doi.org/10.1002/wics.1314}
}

@article{cemgil2020autoencoding,
  author    = {A. Taylan Cemgil and Sumedh Ghaisas and Krishnamurthy Dvijotham and Sven Gowal and Pushmeet Kohli},
  title     = {Autoencoding Variational Autoencoder},
  journal   = {arXiv preprint arXiv:2012.03715},
  year      = {2020},
  doi       = {10.48550/arXiv.2012.03715},
  url       = {https://doi.org/10.48550/arXiv.2012.03715}
}

@article{shlens2014kl,
  author    = {Jonathon Shlens},
  title     = {Notes on Kullback-Leibler Divergence and Likelihood},
  journal   = {arXiv preprint arXiv:1404.2000},
  year      = {2014},
  doi       = {10.48550/arXiv.1404.2000},
  url       = {https://doi.org/10.48550/arXiv.1404.2000}
}

@article{zhang2015kl,
  author    = {Yufeng Zhang and Wanwei Liu and Zhenbang Chen and Ji Wang and Kenli Li},
  title     = {On the Properties of Kullback-Leibler Divergence Between Multivariate Gaussian Distributions},
  journal   = {arXiv preprint arXiv:1206.05485},
  year      = {2015},
  doi       = {10.48550/arXiv.1206.05485},
  url       = {https://doi.org/10.48550/arXiv.1206.05485}
}

@article{wheeler1997dirac,
  author    = {Nicholas Wheeler},
  title     = {Simplified production of Dirac Delta Function Identities},
  institution = {Reed College Physics Department},
  year      = {1997},
  month     = {November},
  url       = {https://www.reed.edu/physics/faculty/wheeler/documents/Miscellaneous%20Math/Delta%20Functions/Simplified%20Dirac%20Delta.pdf}
}
